@preamble{ "\newcommand{\noopsort}[1]{} "
	# "\newcommand{\printfirst}[2]{#1} "
	# "\newcommand{\singleletter}[1]{#1} "
	# "\newcommand{\switchargs}[2]{#2#1} " }

@article{clanok,
    title = 	{Názov článku z časopisu},
    author =	{X. Autor1 and Y. Autor2},
    journal = {Názov časopisu, ktorý článok uverejnil},
    volume = {4},
    number = {3},
    year = {1900},
    pages = {1-100},
}

@Book{kniha,
    author ={X. Autor1 and Y. Autor2},
    title =        {Názov knihy},
    publisher =    {Vydavateľstvo},
    year =         {1900},
}


@techreport{technical_report,
    author =	{X. Autor1 and Y. Autor2},
    title= {Názov technickej správy},
    year={June 1999},
    institution = {Inštitút vydávajúci správu},
    number = {TR123/1999}
}

@inproceedings{clanok_na_konferencii,
    author =	{X. Autor1 and Y. Autor2},
    title = {Názov článku (väčšinou z konferencie)},
    booktitle = {Názov zborníka (väčšinou názov konferencie spolu s ročníkom)},
    year = {1900},
    pages = {1-100},
    url = {http://xxx.yyy.com},
}    
  
@misc{smernica,
 title={Vnútorný predpis č. 12/2013,
Smernica rektora {U}niverzity {K}omenského v {B}ratislave
o základných náležitostiach záverečných prác, rigoróznych 
prác a habilitačných prác, kontrole ich  originality, 
uchovávaní a sprístupňovaní  na {U}niverzite {K}omenského v {B}ratislave},
 author={{Univerzita Komenského v Bratislave}},
 year={2013},
 note={\url{https://uniba.sk/fileadmin/ruk/legislativa/2013/Vp_2013_12.pdf}},
}

@Book{Oetiker2000,
  author = 	 {Tobias Oetiker and Hubert Partl and Irene Hyna and Elisabeth Schlegl},
  title = 	 {Nie príliš stručný úvod do systému LaTeX2e},
  year = 	 {2002},
  note = {Preklad Ján Buša ml. a st}
}

@misc{bonjour,
 title={Bonjour (software)},
 note={\url{https://en.wikipedia.org/wiki/Bonjour_(software)}},
}

@article{ot_nonscalable,
 author = {Imine, Abdessamad and Rusinowitch, Micha\"{e}l and Oster, G{\'e}rald and Molli, Pascal},
 title = {Formal Design and Verification of Operational Transformation Algorithms for Copies Convergence},
 journal = {Theor. Comput. Sci.},
 issue_date = {21 February 2006},
 volume = {351},
 number = {2},
 month = feb,
 year = {2006},
 issn = {0304-3975},
 pages = {167--183},
 numpages = {17},
 url = {http://dx.doi.org/10.1016/j.tcs.2005.09.066},
 doi = {10.1016/j.tcs.2005.09.066},
 acmid = {1140656},
 publisher = {Elsevier Science Publishers Ltd.},
 address = {Essex, UK},
 keywords = {algebraic specification, automated verification, distributed groupware systems, operational transformation, replication},
}
